<record><leader>00000cas a22000007a 4500</leader><controlfield tag="001">12047818</controlfield><controlfield tag="008">850517d19851994okuwr ne      0   a0eng d</controlfield><datafield ind1=" " ind2=" " tag="010"><subfield code="a">sn 85007483 </subfield></datafield><datafield ind1=" " ind2=" " tag="040"><subfield code="a">NSD</subfield><subfield code="b">eng</subfield><subfield code="c">NSD</subfield><subfield code="d">OBN</subfield><subfield code="d">OCLCQ</subfield><subfield code="d">OCLCF</subfield><subfield code="d">OCLCO</subfield></datafield><datafield ind1=" " ind2=" " tag="012"><subfield code="k">1</subfield><subfield code="m">1</subfield></datafield><datafield ind1="1" ind2=" " tag="022"><subfield code="a">0883-0770</subfield><subfield code="l">0883-0770</subfield><subfield code="2">1</subfield></datafield><datafield ind1="1" ind2=" " tag="029"><subfield code="a">AU@</subfield><subfield code="b">000020375826</subfield></datafield><datafield ind1=" " ind2=" " tag="032"><subfield code="a">742510</subfield><subfield code="b">USPS</subfield></datafield><datafield ind1=" " ind2=" " tag="042"><subfield code="a">nsdp</subfield></datafield><datafield ind1=" " ind2=" " tag="043"><subfield code="a">n-us-ok</subfield></datafield><datafield ind1=" " ind2="0" tag="222"><subfield code="a">Cleveland County record</subfield></datafield><datafield ind1="0" ind2="0" tag="245"><subfield code="a">Cleveland County record.</subfield></datafield><datafield ind1=" " ind2=" " tag="260"><subfield code="a">Noble, Okla. :</subfield><subfield code="b">Record Pub. Co.</subfield></datafield><datafield ind1=" " ind2=" " tag="300"><subfield code="a">v.</subfield></datafield><datafield ind1=" " ind2=" " tag="310"><subfield code="a">Weekly</subfield></datafield><datafield ind1="0" ind2=" " tag="362"><subfield code="a">Vol. 1, no. 1 (Jan. 2, 1985)-v. 10, no. 52 (Dec. 28, 1994).</subfield></datafield><datafield ind1=" " ind2="0" tag="651"><subfield code="a">Noble (Okla.)</subfield><subfield code="v">Newspapers.</subfield></datafield><datafield ind1=" " ind2="0" tag="651"><subfield code="a">Cleveland County (Okla.)</subfield><subfield code="v">Newspapers.</subfield></datafield><datafield ind1=" " ind2="7" tag="655"><subfield code="a">Newspapers.</subfield><subfield code="2">fast</subfield><subfield code="0">(OCoLC)fst01423814</subfield></datafield><datafield ind1=" " ind2="7" tag="651"><subfield code="a">Oklahoma</subfield><subfield code="z">Cleveland County.</subfield><subfield code="2">fast</subfield><subfield code="0">(OCoLC)fst01223119</subfield></datafield><datafield ind1=" " ind2="7" tag="651"><subfield code="a">Oklahoma</subfield><subfield code="z">Noble.</subfield><subfield code="2">fast</subfield><subfield code="0">(OCoLC)fst01230680</subfield></datafield><datafield ind1=" " ind2=" " tag="752"><subfield code="a">United States</subfield><subfield code="b">Oklahoma</subfield><subfield code="c">Cleveland</subfield><subfield code="d">Noble.</subfield></datafield><datafield ind1="0" ind2="4" tag="785"><subfield code="t">Norman transcript (Norman, Okla.)</subfield><subfield code="w">(DLC)sn 86064115</subfield><subfield code="w">(OCoLC)13763878</subfield></datafield></record>